@article{
	mahajan_nimbhorkar_varadarajan_2009,
    title={The Planar k-Means Problem is NP-Hard}, 
    DOI={10.1007/978-3-642-00202-1_24}, 
    journal={WALCOM: Algorithms and Computation Lecture Notes in Computer Science},
    author={Mahajan, Meena and Nimbhorkar, Prajakta and Varadarajan, Kasturi}, 
    year={2009}, pages={274–285}
}
@article{
	marino_tortora_2009, 
    title={A COMPARISON BETWEEN K-MEANS AND SUPPORT VECTOR CLUSTERING OF CATEGORICAL DATA}, 
    volume={21}, 
    url={http://sa-ijas.stat.unipd.it/sites/sa-ijas.stat.unipd.it/files/5-16_0.pdf}, 
    number={1}, 
    journal={Statistica Applicata}, 
    author={Marino, Marina and Tortora, Christina}, 
    year={2009}, 
    pages={5–16}
 }
@article{
	dasgupta_np,
    title = {The hardness of k-means clustering},
    url = {http://cseweb.ucsd.edu/~dasgupta/papers/kmeans.ps},
	author = {Dasgupta, Sanjoy},
    year= {2008}
}
@inbook{
	tan_steinbach_karpatne_kumar, 
    edition={2}, 
    title={Ch. 8:Cluster Analysis: Basic Concepts and Algorithms }, 
    booktitle={Introduction to Data Mining }, publisher={Pearson},
    author={Tan, Pang-Ning and Steinbach, Michael and Karpatne, Anuj and Kumar, Vipin}, 
    pages={487–567}
}

@article{
	mahajan_nimbhorkar_varadarajan_2009, 
    title={The Planar k-Means Problem is NP-Hard}, 
    DOI={10.1007/978-3-642-00202-1_24}, 
    journal={WALCOM: Algorithms and Computation Lecture Notes in Computer Science}, 
    author={Mahajan, Meena and Nimbhorkar, Prajakta and Varadarajan, Kasturi}, 
    year={2009}, 
    pages={274–285}
}

@misc{
	ben-hur, 
    title={Support vector clustering}, 
    url={http://www.scholarpedia.org/article/Support_vector_clustering}, 
    journal={Scholarpedia}, 
    author={Ben-Hur, Asa}
}

@article{
	ben-hur_horn_siegelmann_vapnik, 
    title={A support vector clustering method}, 
    DOI={10.1109/icpr.2000.906177}, 
    journal={Proceedings 15th International Conference on Pattern Recognition. ICPR-2000}, 
    author={Ben-Hur, A. and Horn, D. and Siegelmann, H.t. and Vapnik, V.}
}

@article{Merendino,
  title={A Simulated Annealing Clustering Algorithm Based On Center Perturbation Using Gaussian Mutation},
  author={Stephen Merendino and M. Emre Celebi},
  booktitle={FLAIRS Conference},
  year={2013}
}

@article{bradley_fayyad_mangasarian_1999, 
    title={Mathematical Programming for Data Mining: Formulations and Challenges}, 
    volume={11},
    DOI={10.1287/ijoc.11.3.217},
    number={3}, 
    journal={INFORMS Journal on Computing}, 
    author={Bradley, P. S. and Fayyad, Usama M. and Mangasarian, O. L.},
    year={1999}, pages={217–238}
}

@article{bandyopadhyay_maulik_2002,
			title={Genetic clustering for automatic evolution of clusters and application to image classification}, volume={35}, DOI={10.1016/s0031-3203(01)00108-x}, number={6}, journal={Pattern Recognition}, author={Bandyopadhyay, Sanghamitra and Maulik, Ujjwal}, year={2002}, pages={1197–1208}
}

@article{
	tax_duin_1999, 
	title={Support vector domain description}, 
    volume={20}, 
    DOI={10.1016/s0167-8655(99)00087-2}, 
    number={11-13}, 
    journal={Pattern Recognition Letters}, 
    author={Tax, David M.j and Duin, Robert P.w}, 
    year={1999}, 
    pages={1191–1199}
}
@misc{uci machine learning repository: flags data set, url={https://archive.ics.uci.edu/ml/datasets/iris}, journal={UCI Machine Learning Repository: Flags Data Set}, publisher={UCI}}